@article{Beck14a,
  author={M. W. Beck and B. N. Wilson and B. Vondracek and L. K. Hatch},
	year={2014},
	title={{Application of Neural Networks to Quantify the Utility of Indices of Biotic Integrity for Biological Monitoring}},
	journal={Ecological Indicators},
	volume={45},
	number={},
	pages={195-208},
	doi={10.1016/j.ecolind.2014.04.002}
}
@article{Bell09,
	author={G. Bell and T. Hey and A. Szalay},
	year={2009},
	title={{Beyond the Data Deluge}},
	journal={Science},
	volume={323},
	number={5919},
	pages={1297-1298}
}
@article{Bergmeir12,
	title={{Neural Networks in R Using the Stuttgart Neural Network Simulator: RSNNS}},
  author = {Christoph Bergmeir and  Jos\'e M. Ben\'itez},
  journal = {Journal of Statistical Software},
  year = {2012},
  volume = {46},
  number = {7},
  pages = {1--26},
  url = {http://www.jstatsoft.org/v46/i07/},
}
@book{Bishop95,
  author={C. M. Bishop},
	year={1995},
	title={{Neuronal Networks for Pattern Recognition}},
	publisher={Carendon Press},
	address={Oxford, United Kingdom},
	pages={482}
}
@article{Burke97,
	author={L. Burke and J. P. Ignizio},
	year={1997},
	title={{A Practical Overview of Neural Networks}},
	journal={Journal of Intelligent Manufacturing},
	volume={8},
	number={3},
	pages={157-165}
}
@article{Cannon11,
	title={{Quantile Regression Neural Networks: Implementation in R and Application to Precipitation Downscaling}},
  author = {Alex J. Cannon},
  year = {2011},
  journal = {Computers \& Geosciences},
  volume = {37},
  pages = {1277-1284. doi:10.1016/j.cageo.2010.07.005},
}
@manual{Cannon15,
	title={{monmlp: Monotone Multi-Layer Perceptron Neural Network}},
  author = {Alex J. Cannon},
  year = {2015},
  note = {R package version 1.1.3},
  url = {http://CRAN.R-project.org/package=monmlp},
}
@article{Cheng94,
	author={B. Cheng and D. M. Titterington},
	year={1994},
	title={{Neural Networks: A Review from a Statistical Perspective}},
	journal={Statistical Science},
	volume={9},
	number={1},
	pages={2-54}
}
@manual{Csardi15,
  year={2015},
	title={{cranlogs: Download Logs from the RStudio CRAN Mirror}},
  author={Gabor Csardi},
  note={R package version 2.1.0},
  url={https://github.com/metacran/cranlogs},
}
@article{Ellenius00,
	author={J. Ellenius and T. Groth},
	year={2000},
	title={{Methods for Selection of Adequate Neural Network Structures with Application to Early Assessment of Chest Pain Patients by Biochemical Monitoring}},
	journal={International Journal of Medical Informatics},
	volume={57},
	number={2-3},
	pages={181-202}
}
@article{Feng02,
	author={C. X. Feng and X. Wang},
	year={2002},
	title={{Digitizing Uncertainty Modeling for Reverse Engineering Applications: Regression Versus Neural Networks}},
	journal={Journal of Intelligent Manufacturing},
	volume={13},
	number={3},
	pages={189-199}
}
@manual{Fritsch12,
	title={{neuralnet: Training of Neural Networks}},
  author = {Stefan Fritsch and Frauke Guenther},
  year = {2012},
  note = {R package version 1.32},
  url = {http://CRAN.R-project.org/package=neuralnet},
  }
@article{Garson91,
	author={G. D. Garson},
	year={1991},
	title={{Interpreting Neural Network Connection Weights}},
	journal={Artificial Intelligence Expert},
	volume={6},
	number={4},
	pages={46-51}
}
@article{Gevrey03,
	author={M. Gevrey and I. Dimopoulos and S. Lek},
	year={2003},
	title={{Review and Comparison of Methods to Study the Contribution of Variables in Artificial Neural Network Models}},
	journal={Ecological Modelling},
	volume={160},
	number={3},
	pages={249-264}
}
@article{Goh95,
	author={A. T. C. Goh},
	year={1995},
	title={{Back-Propagation Neural Networks for Modeling Complex Systems}},
	journal={Artificial Intelligence in Engineering},
	volume={9},
	number={3},
	pages={143-151}
}
@article{Hartigan79,
	author={J. A. Hartigan and M. A. Wong},
	year={1979},
	title={{A K-Means Clustering Algorithm}},
	journal={Applied Statistics},
	volume={28},
	number={1},
	pages={100-108}
}
@article{Hornik91,
  author={K. Hornik},
	year={1991},
	title={{Approximation Capabilities of Multilayer Feedforward Networks}},
	journal={Neural Networks},
	volume={4},
	number={2},
	pages={251-257}
}
@article{Jain00,
  author={A. K. Jain and R. P. W. Duin and J. C. Mao},
  year={2000},
	title={{Statistical Pattern Recognition: A Review}},
  journal={{IEEE} Transactions on Pattern Analysis and Machine Intelligence},
  volume={22},
  number={1},
  pages={4-37}
}
@article{Kell03,
	author={D. B. Kell and S. G. Oliver},
	year={2003},
	title={{Here is the Evidence, Now What is the Hypothesis? The Complementary Roles of Inductive and Hypothesis-Driven Science in the Post-Genomic Era}},
	journal={BioEssays},
	volume={26},
	number={1},
	pages={99-105}
}
@article{Kelling09,
  author={S. Kelling and W. M. Hochachka and D. Fink and M. Riedewald and R. Caruana and G. Ballard and G. Hooker},
  year={2009},
	title={{Data-Intensive Science: A New Paradigm for Biodiversity Studies}},
	journal={BioScience},
	volume={59},
	number={7},
	pages={613-620}
}
@manual{Klima15,
	title={{FCNN4R: Fast Compressed Neural Networks for R}},
  author = {Grzegorz Klima},
  year = {2015},
  note = {R package version 0.4.1},
}
@manual{Kuhn15,
	title={{caret: Classification and Regression Training}},
  author = {Max Kuhn},
  year = {2015},
  note = {R package version 6.0-52},
  url = {http://CRAN.R-project.org/package=caret},
}
@article{Lek96,
	author={S. Lek and M. Delacoste and P. Baran and I. Dimopoulos and J. Lauga and S. Aulagnier},
	year={1996},
	title={{Application of Neural Networks to Modelling Nonlinear Relationships in Ecology}},
	journal={Ecological Modelling},
	volume={90},
	number={1},
	pages={39-52}
}
@book{Lek00,
	author={S. Lek and J. F. Gu\'{e}gan},
	year={2000},
	title={{Artificial Neuronal Networks: Application to Ecology and Evolution}},
	publisher={Springer-Verlag},
	address={Berlin, Germany}
}
@manual{Castejon14,
	title={{AMORE: A MORE Flexible Neural Network Package}},
    author = {Manuel Castej\'{o}n Limas and Joaquin B. Ordieres Mer\'{e} and Ana Gonz\'{a}lez Marcos and Francisco Javier Martinez de Pis\'{o}n Ascacibar and Alpha V. Pern\'{i}a Espinoza and Fernando Alba El\'{i}as and Jose Maria Perez Ramos},
    year = {2014},
    note = {R package version 0.2-15},
    url = {http://CRAN.R-project.org/package=AMORE},
  }
@article{Maier00,
	author={H. R. Maier and G. C. Dandy},
	year={2000},
	title={{Neural Networks for the Prediction and Forecasting of Water Resources Variables: A Review of Modelling Issues and Applications}},
	journal={Environmental Modelling and Software},
	volume={15},
	number={1},
	pages={101-124}
}
@article{McCulloch43,
  author={W. S. McCulloch and W. Pitts},
	year={1943},
	title={{A Logical Calculus of the Ideas Imminent in Nervous Activity}},
	journal={Bulletin of Mathematical Biophysics},
	volume={5},
	pages={115-133}
}
@article{Michener12,
	author={W. K. Michener and M. B. Jones},
	year={2012},
	title={{Ecoinformatics: Supporting Ecology as a Data-Intensive Science}},
	journal={Trends in Ecology and Evolution},
	volume={27},
	number={2},
	pages={85-93}
}
@article{Olden02,
	author={J. D. Olden and D. A. Jackson},
	year={2002},
	title={{Illuminating the ``Black Box'': A Randomization Approach for Understanding Variable Contributions in Artifical Neural Networks}},
	journal={Ecological Modelling},
	volume={154},
	number={1-2},
	pages={135-150}
}
@article{Olden04,
	author={J. D. Olden and M. K. Joy and R. G. Death},
	year={2004},
	title={{An Accurate Comparison of Methods for Quantifying Variable Importance in Artificial Neural Networks using Simulated Data}},
	journal={Ecological Modelling},
	volume={178},
	number={3-4},
	pages={389-397}
}
@article{Ozesmi99,
	author={S. L. \"{O}zesmi and U. \"{O}zesmi},
	year={1999},
	title={{An Artificial Neural Network Approach to Spatial Habitat Modelling with Interspecific Interaction}},
	journal={Ecological Modelling},
	volume={116},
	number={1},
	pages={15-31}
}
@article{Paruelo97,
	author={J. M. Paruelo and F. Tomasel},
	year={1997},
	title={{Prediction of Functional Characteristics of Ecosystems: A Comparison of Artificial Neural Networks and Regression Models}},
	journal={Ecological Modelling},
	volume={98},
	number={2-3},
	pages={173-186}
}
@article{Razi05,
	author={M. A. Razi and K. Athappilly},
	year={2005},
	title={{A Comparative Predictive Analysis of Neural Networks (NNs), Nonlinear Regression and Classification and Regression Tree (CART) Models}},
	journal={Expert Systems and Applications},
	volume={29},
	number={1},
	pages={65-74}
}
@book{Recknagel06,
  author={F. Recknagel},
	year={2006},
	title={{Ecological Informatics: Scope, Techniques and Applications}},
	publisher={Springer-Verlag},
	edition={2nd},
	address={Berlin, Germany},
	pages={496}
}
@book{Ripley96,
	author={B. D. Ripley},
	year={1996},
	title={{Pattern Recognition and Neural Networks}},
	publisher={Cambridge University Press},
	address={Cambridge, United Kingdom},
	pages={403}
}
@article{Rumelhart86,
  author={D. E. Rumelhart and G. E. Hinton and R. J. Williams},
	year={1986},
	title={{Learning Representations by Back-Propagating Errors}},
	journal={Nature},
	volume={323},
  number={6088},
	pages={533-536}
}
@article{Saeys07,
  author={Y. Saeys and I. Inza and P. Larra\~{n}aga},
  year={2007},
	title={{A Review of Feature Selection Techniques in Bioinformatics}},
	journal={Bioinformatics},
	volume={23},
	number={19},
	pages={2507-2517}
}
@article{Swanson15,
	author={A. Swanson and M. Kosmala and C. Lintott and R. Simpson and A. Smith and C. Packer},
	year={2015},
	title={{Snapshot Serengeti: High-Frequency Annotated Camera Trap Images of 40 Mammalian Species in African Savanna}},
	journal={Scientific Data},
	volume={2},
	number={},
	pages={150026}
}
@book{Venables02,
	title={{Modern Applied Statistics with S}},
	author={W. N. Venables and B. D. Ripley},
	publisher={Springer-Verlag},
	edition={Fourth},
	year={2002},
	address={New York, New York},
	url={http://www.stats.ox.ac.uk/pub/MASS4}
}
@book{Wickham09,
  author={Hadley Wickham},
	title={{ggplot2: Elegant Graphics for Data Analysis}},
  publisher={Springer-Verlag. New York},
  year={2009},
  isbn={978-0-387-98140-6},
  url={http://had.co.nz/ggplot2/book},
}
@manual{Wickham14b,
	title={{nycflights13: Data About Flights Departing NYC in 2013}},
  author = {H. Wickham},
  year = {2014},
  note = {R package version 0.1},
  url = {http://CRAN.R-project.org/package=nycflights13},
}
@manual{Zell98,
	title={{SNNS: Stuttgart Neural Network Simulator, User Manual, Version 4.2}},
  author = {A. Zell and G. Mamier and M. Vogt and N. Mache and R. H\"{u}bner and S. D\"{o}ring and K. U. Herrmann and T. Soyez and M. Schmalzl and T. Sommer and A. Hatzigeorgiou and D. Posselt and T. Schreiner and B. Kett and G. Clemente and J. Wieland and J. Gatter},
  year = {1998},
  note = {University of Stuttgart and WSI, University of T\"{u}bingen},
  url = {http://www.ra.cs.uni-tuebingen.de/SNNS/},
}
@article{Zuur10,
	author={A. F. Zuur and E. N. Ieno and C. S. Elphick},
	year={2010},
	title={{A Protocol for Data Exploration to Avoid Common Statistical Problems}},
	journal={Methods in Ecology and Evolution},
	volume={1},
	number={1},
	pages={3-14}
}
