@Article{Beck14a,
  author =	 {M. W. Beck and B. N. Wilson and B. Vondracek and
                  L. K. Hatch},
  year =	 2014,
  title =	 {{Application of Neural Networks to Quantify the
                  Utility of Indices of Biotic Integrity for
                  Biological Monitoring}},
  journal =	 {Ecological Indicators},
  volume =	 45,
  pages =	 {195-208},
  doi =		 {10.1016/j.ecolind.2014.04.002},
}

@Article{Bell09,
  author =	 {G. Bell and T. Hey and A. Szalay},
  year =	 2009,
  title =	 {{Beyond the Data Deluge}},
  journal =	 {Science},
  volume =	 323,
  number =	 5919,
  pages =	 {1297-1298},
  doi =		 {10.1126/science.1170411},
}

@Article{Bergmeir12,
  title =	 {Neural Networks in \proglang{R} Using the Stuttgart
                  Neural Network Simulator: \pkg{RSNNS}},
  author =	 {Christoph Bergmeir and J M. Ben\'itez},
  journal =	 {Journal of Statistical Software},
  year =	 2012,
  volume =	 46,
  number =	 7,
  pages =	 {1--26},
  doi =		 {10.18637/jss.v046.i07},
}

@Book{Bishop95,
  author =	 {C. M. Bishop},
  year =	 1995,
  title =	 {{Neuronal Networks for Pattern Recognition}},
  publisher =	 {Carendon Press},
  address =	 {Oxford, United Kingdom},
  pages =	 482,
}

@Article{Burke97,
  author =	 {L. Burke and J. P. Ignizio},
  year =	 1997,
  title =	 {{A Practical Overview of Neural Networks}},
  journal =	 {Journal of Intelligent Manufacturing},
  volume =	 8,
  number =	 3,
  pages =	 {157-165},
  doi =		 {10.1023/a:1018513006083},
}

@Article{Cannon11,
  title =	 {{Quantile Regression Neural Networks: Implementation
                  in \proglang{R} and Application to Precipitation
                  Downscaling}},
  author =	 {Alex J. Cannon},
  year =	 2011,
  journal =	 {Computers \& Geosciences},
  volume =	 37,
  number =	 9,
  pages =	 {1277-1284},
  doi =		 {10.1016/j.cageo.2010.07.005},
}

@Manual{Cannon15,
  title =	 {\pkg{monmlp}: Monotone Multi-Layer Perceptron Neural
                  Network},
  author =	 {Alex J. Cannon},
  year =	 2017,
  note =	 {\proglang{R} package version 1.1.5},
  url =		 {https://CRAN.R-project.org/package=monmlp},
}

@Manual{Castejon14,
  title =	 {\pkg{AMORE}: A MORE Flexible Neural Network Package},
  author =	 {Manuel {Castej{\'o}n Limas} and Joaquin B. {Ordieres
                  Mer{\'e}} and Ana {Gonz{\'a}lez Marcos} and
                  Francisco Javier Martinez {de Pis{\'o}n Ascacibar}
                  and Alpha V. {Pern\'ia Espinoza} and Fernando {Alba
                  El\'ias} and Jose Maria {Perez Ramos}},
  year =	 2014,
  note =	 {\proglang{R} package version 0.2-15},
  url =		 {https://CRAN.R-project.org/package=AMORE},
}

@Article{Cheng94,
  author =	 {B. Cheng and D. M. Titterington},
  year =	 1994,
  title =	 {{Neural Networks: A Review from a Statistical
                  Perspective}},
  journal =	 {Statistical Science},
  volume =	 9,
  number =	 1,
  pages =	 {2-30},
  doi =		 {10.1214/ss/1177010638},
}

@Manual{Csardi15,
  year =	 2015,
  title =	 {\pkg{cranlogs}: Download Logs from the RStudio CRAN
                  Mirror},
  author =	 {Gabor Csardi},
  note =	 {\proglang{R} package version 2.1.0},
  url =		 {https://github.com/metacran/cranlogs},
}

@Article{Ellenius00,
  author =	 {J. Ellenius and T. Groth},
  year =	 2000,
  title =	 {{Methods for Selection of Adequate Neural Network
                  Structures with Application to Early Assessment of
                  Chest Pain Patients by Biochemical Monitoring}},
  journal =	 {International Journal of Medical Informatics},
  volume =	 57,
  number =	 {2--3},
  pages =	 {181-202},
  doi =		 {10.1016/s1386-5056(00)00065-4},
}

@Article{Feng02,
  author =	 {C. X. Feng and X. Wang},
  year =	 2002,
  title =	 {{Digitizing Uncertainty Modeling for Reverse
                  Engineering Applications: Regression Versus Neural
                  Networks}},
  journal =	 {Journal of Intelligent Manufacturing},
  volume =	 13,
  number =	 3,
  pages =	 {189-199},
  doi =		 {10.1023/a:1015734805987},
}

@Manual{Fritsch12,
  title =	 {\pkg{neuralnet}: Training of Neural Networks},
  author =	 {Stefan Fritsch and Frauke Guenther},
  year =	 2016,
  note =	 {\proglang{R} package version 1.33},
  url =		 {https://CRAN.R-project.org/package=neuralnet},
}

@Article{Garson91,
  author =	 {G. D. Garson},
  year =	 1991,
  title =	 {{Interpreting Neural Network Connection Weights}},
  journal =	 {Artificial Intelligence Expert},
  volume =	 6,
  number =	 4,
  pages =	 {46-51},
}

@Article{Gevrey03,
  author =	 {M. Gevrey and I. Dimopoulos and S. Lek},
  year =	 2003,
  title =	 {{Review and Comparison of Methods to Study the
                  Contribution of Variables in Artificial Neural
                  Network Models}},
  journal =	 {Ecological Modelling},
  volume =	 160,
  number =	 3,
  pages =	 {249-264},
  doi =		 {10.1016/s0304-3800(02)00257-0},
}

@Article{Goh95,
  author =	 {A. T. C. Goh},
  year =	 1995,
  title =	 {{Back-Propagation Neural Networks for Modeling
                  Complex Systems}},
  journal =	 {Artificial Intelligence in Engineering},
  volume =	 9,
  number =	 3,
  pages =	 {143-151},
  doi =		 {10.1016/0954-1810(94)00011-s},
}

@Article{Hartigan79,
  author =	 {J. A. Hartigan and M. A. Wong},
  year =	 1979,
  title =	 {Algorithm AS 136: {A K-Means Clustering Algorithm}},
  journal =	 {Journal of the Royal Statistical Society C},
  volume =	 28,
  number =	 1,
  pages =	 {100-108},
  doi =		 {10.2307/2346830},
}

@Article{Hornik91,
  author =	 {K. Hornik},
  year =	 1991,
  title =	 {{Approximation Capabilities of Multilayer
                  Feedforward Networks}},
  journal =	 {Neural Networks},
  volume =	 4,
  number =	 2,
  pages =	 {251-257},
  doi =		 {10.1016/0893-6080(91)90009-t},
}

@Article{Jain00,
  author =	 {A. K. Jain and R. P. W. Duin and J. C. Mao},
  year =	 2000,
  title =	 {{Statistical Pattern Recognition: A Review}},
  journal =	 {{IEEE} Transactions on Pattern Analysis and Machine
                  Intelligence},
  volume =	 22,
  number =	 1,
  pages =	 {4-37},
  doi =		 {10.1109/34.824819},
}

@Article{Kell03,
  author =	 {D. B. Kell and S. G. Oliver},
  year =	 2003,
  title =	 {{Here Is the Evidence, Now What Is the Hypothesis?
                  The Complementary Roles of Inductive and
                  Hypothesis-Driven Science in the Post-Genomic Era}},
  journal =	 {BioEssays},
  volume =	 26,
  number =	 1,
  pages =	 {99-105},
  doi =		 {10.1002/bies.10385},
}

@Article{Kelling09,
  author =	 {S. Kelling and W. M. Hochachka and D. Fink and
                  M. Riedewald and R. Caruana and G. Ballard and
                  G. Hooker},
  year =	 2009,
  title =	 {{Data-Intensive Science: A New Paradigm for
                  Biodiversity Studies}},
  journal =	 {BioScience},
  volume =	 59,
  number =	 7,
  pages =	 {613-620},
  doi =		 {10.1525/bio.2009.59.7.12},
}

@Manual{Klima15,
  title =	 {\pkg{FCNN4R}: Fast Compressed Neural Networks for
                  \proglang{R}},
  author =	 {Grzegorz Klima},
  year =	 2016,
  note =	 {\proglang{R} package version 0.6.2},
  url =		 {https://CRAN.R-project.org/package=FCNN4R},
}

@Manual{Kuhn15,
  title =	 {\pkg{caret}: Classification and Regression Training},
  author =	 {Max Kuhn},
  year =	 2018,
  note =	 {\proglang{R} package version 6.0-79},
  url =		 {https://CRAN.R-project.org/package=caret},
}

@Book{Lek00,
  author =	 {S. Lek and J. F. Gu{\'e}gan},
  year =	 2000,
  title =	 {{Artificial Neuronal Networks: Application to
                  Ecology and Evolution}},
  publisher =	 {Springer-Verlag},
  address =	 {Berlin, Germany},
  doi =		 {10.1007/978-3-642-57030-8},
}

@Article{Lek96,
  author =	 {S. Lek and M. Delacoste and P. Baran and
                  I. Dimopoulos and J. Lauga and S. Aulagnier},
  year =	 1996,
  title =	 {{Application of Neural Networks to Modelling
                  Nonlinear Relationships in Ecology}},
  journal =	 {Ecological Modelling},
  volume =	 90,
  number =	 1,
  pages =	 {39-52},
  doi =		 {10.1016/0304-3800(95)00142-5},
}

@Article{Maier00,
  author =	 {H. R. Maier and G. C. Dandy},
  year =	 2000,
  title =	 {{Neural Networks for the Prediction and Forecasting
                  of Water Resources Variables: A Review of Modelling
                  Issues and Applications}},
  journal =	 {Environmental Modelling and Software},
  volume =	 15,
  number =	 1,
  pages =	 {101-124},
  doi =		 {10.1016/s1364-8152(99)00007-9},
}

@Article{McCulloch43,
  author =	 {W. S. McCulloch and W. Pitts},
  year =	 1943,
  title =	 {{A Logical Calculus of the Ideas Imminent in Nervous
                  Activity}},
  journal =	 {Bulletin of Mathematical Biophysics},
  volume =	 5,
  number =	 4,
  pages =	 {115-133},
  doi =		 {10.1007/bf02478259},
}

@Article{Michener12,
  author =	 {W. K. Michener and M. B. Jones},
  year =	 2012,
  title =	 {{Ecoinformatics: Supporting Ecology as a
                  Data-Intensive Science}},
  journal =	 {Trends in Ecology and Evolution},
  volume =	 27,
  number =	 2,
  pages =	 {85-93},
  doi =		 {10.1016/j.tree.2011.11.016},
}

@Article{Olden02,
  author =	 {J. D. Olden and D. A. Jackson},
  year =	 2002,
  title =	 {{Illuminating the ``Black Box'': A Randomization
                  Approach for Understanding Variable Contributions in
                  Artifical Neural Networks}},
  journal =	 {Ecological Modelling},
  volume =	 154,
  number =	 {1--2},
  pages =	 {135-150},
  doi =		 {10.1016/s0304-3800(02)00064-9},
}

@Article{Olden04,
  author =	 {J. D. Olden and M. K. Joy and R. G. Death},
  year =	 2004,
  title =	 {{An Accurate Comparison of Methods for Quantifying
                  Variable Importance in Artificial Neural Networks
                  Using Simulated Data}},
  journal =	 {Ecological Modelling},
  volume =	 178,
  number =	 {3--4},
  pages =	 {389-397},
  doi =		 {10.1016/j.ecolmodel.2004.03.013},
}

@Article{Ozesmi99,
  author =	 {S. L. {\"O}zesmi and U. {\"O}zesmi},
  year =	 1999,
  title =	 {{An Artificial Neural Network Approach to Spatial
                  Habitat Modelling with Interspecific Interaction}},
  journal =	 {Ecological Modelling},
  volume =	 116,
  number =	 1,
  pages =	 {15-31},
  doi =		 {10.1016/s0304-3800(98)00149-5},
}

@Article{Paruelo97,
  author =	 {J. M. Paruelo and F. Tomasel},
  year =	 1997,
  title =	 {{Prediction of Functional Characteristics of
                  Ecosystems: A Comparison of Artificial Neural
                  Networks and Regression Models}},
  journal =	 {Ecological Modelling},
  volume =	 98,
  number =	 {2--3},
  pages =	 {173-186},
  doi =		 {10.1016/s0304-3800(96)01913-8},
}

@Article{Razi05,
  author =	 {M. A. Razi and K. Athappilly},
  year =	 2005,
  title =	 {{A Comparative Predictive Analysis of Neural
                  Networks (NNs), Nonlinear Regression and
                  Classification and Regression Tree (CART) Models}},
  journal =	 {Expert Systems and Applications},
  volume =	 29,
  number =	 1,
  pages =	 {65-74},
  doi =		 {10.1016/j.eswa.2005.01.006},
}

@Book{Recknagel06,
  author =	 {F. Recknagel},
  year =	 2006,
  title =	 {{Ecological Informatics: Scope, Techniques and
                  Applications}},
  publisher =	 {Springer-Verlag},
  edition =	 {2nd},
  address =	 {Berlin, Germany},
  pages =	 496,
  doi =		 {10.1007/3-540-28426-5},
}

@Book{Ripley96,
  author =	 {B. D. Ripley},
  year =	 1996,
  title =	 {{Pattern Recognition and Neural Networks}},
  publisher =	 {Cambridge University Press},
  address =	 {Cambridge, United Kingdom},
  pages =	 403,
}

@Article{Rumelhart86,
  author =	 {D. E. Rumelhart and G. E. Hinton and R. J. Williams},
  year =	 1986,
  title =	 {{Learning Representations by Back-Propagating
                  Errors}},
  journal =	 {Nature},
  volume =	 323,
  number =	 6088,
  pages =	 {533-536},
  doi =		 {10.1038/323533a0},
}

@Article{Saeys07,
  author =	 {Y. Saeys and I. Inza and P. Larra{\~n}aga},
  year =	 2007,
  title =	 {{A Review of Feature Selection Techniques in
                  Bioinformatics}},
  journal =	 {Bioinformatics},
  volume =	 23,
  number =	 19,
  pages =	 {2507-2517},
  doi =		 {10.1093/bioinformatics/btm344},
}

@Article{Swanson15,
  author =	 {A. Swanson and M. Kosmala and C. Lintott and
                  R. Simpson and A. Smith and C. Packer},
  year =	 2015,
  title =	 {{Snapshot Serengeti: High-Frequency Annotated Camera
                  Trap Images of 40 Mammalian Species in African
                  Savanna}},
  journal =	 {Scientific Data},
  volume =	 2,
  pages =	 150026,
  doi =		 {10.1038/sdata.2015.26},
}

@Book{Venables02,
  title =	 {{Modern Applied Statistics with \proglang{S}}},
  author =	 {W. N. Venables and B. D. Ripley},
  publisher =	 {Springer-Verlag},
  edition =	 {4th},
  year =	 2002,
  address =	 {New York},
  url =		 {http://www.stats.ox.ac.uk/pub/MASS4},
}

@Book{Wickham09,
  author =	 {Hadley Wickham},
  title =	 {{\pkg{ggplot2}: Elegant Graphics for Data Analysis}},
  publisher =	 {Springer-Verlag},
  year =	 2009,
  url =		 {http://ggplot2.org},
}

@Manual{Wickham14b,
  title =	 {\pkg{nycflights13}: Data About Flights Departing NYC in
                  2013},
  author =	 {H. Wickham},
  year =	 2017,
  note =	 {\proglang{R} package version 0.2.2},
  url =		 {https://CRAN.R-project.org/package=nycflights13},
}

@Manual{Zell98,
  title =	 {\pkg{SNNS}: Stuttgart Neural Network Simulator, User
                  Manual, Version 4.2},
  author =	 {A. Zell and G. Mamier and M. Vogt and N. Mache and
                  R. H{\"u}bner and S. D{\"o}ring and K. U. Herrmann
                  and T. Soyez and M. Schmalzl and T. Sommer and
                  A. Hatzigeorgiou and D. Posselt and T. Schreiner and
                  B. Kett and G. Clemente and J. Wieland and
                  J. Gatter},
  year =	 1998,
  note =	 {University of Stuttgart and WSI, University of
                  T\"{u}bingen},
  url =		 {http://www.ra.cs.uni-tuebingen.de/SNNS/},
}

@Article{Zuur10,
  author =	 {A. F. Zuur and E. N. Ieno and C. S. Elphick},
  year =	 2010,
  title =	 {{A Protocol for Data Exploration to Avoid Common
                  Statistical Problems}},
  journal =	 {Methods in Ecology and Evolution},
  volume =	 1,
  number =	 1,
  pages =	 {3-14},
  doi =		 {10.1111/j.2041-210x.2009.00001.x},
}

@Manual{R,
  title =	 {\proglang{R}: A Language and Environment for Statistical
                  Computing},
  author =	 {{\proglang{R} Core Team}},
  organization = {\proglang{R} Foundation for Statistical Computing},
  address =	 {Vienna, Austria},
  year =	 {2018},
  url =		 {https://www.R-project.org/},
}

@Manual{NeuralNetTools,
  title =	 {\pkg{NeuralNetTools}: Visualization and Analysis Tools
                  for Neural Networks},
  author =	 {Marcus Beck},
  year =	 {2018},
  note =	 {\proglang{R} package version 1.5.1},
  url =		 {https://CRAN.R-project.org/package=NeuralNetTools},
}
